@book{acobook,
 author = {Dorigo, M. and St\"{u}tzle, T.},
 title = {Ant Colony Optimization},
 year = {2004},
 publisher = {Bradford Company},
 address = {Scituate, MA, USA},
}

@article {daneubourg90,
   author = {Deneubourg, J. L. and Aron, S. and Goss, S. and Pasteels, J. M.},
   affiliation = {Unit of Behavioural Ecology Université Libre de Bruxelles C.P. 231 1050 Bruxelles Belgium},
   title = {The self-organizing exploratory pattern of the argentine ant},
   journal = {Journal of Insect Behavior},
   publisher = {Springer Netherlands},
   keyword = {Biomedical and Life Sciences},
   pages = {159-168},
   volume = {3},
   issue = {2},
   year = {1990}
}

@article {goss89,
   author = {Goss, S. and Aron, S. and Deneubourg, J. and Pasteels, J.},
   title = {Self-organized shortcuts in the Argentine ant},
   journal = {Naturwissenschaften},
   publisher = {Springer Berlin / Heidelberg},
   keyword = {Biomedical and Life Sciences},
   pages = {579-581},
   volume = {76},
   issue = {12},
   year = {1989}
}

@incollection {saco04,
   author = {Gutjahr, W. J.},
   affiliation = {Dept. of Statistics and Decision Support Systems, University of Vienna  },
   title = {{S-ACO}: An Ant-Based Approach to Combinatorial Optimization Under Uncertainty},
   booktitle = {Ant Colony, Optimization and Swarm Intelligence},
   series = {Lecture Notes in Computer Science},
   editor = {Dorigo, Marco and Birattari, Mauro and Blum, Christian and M.Gambardella, Luca and Mondada, Francesco and Stützle, Thomas},
   publisher = {Springer Berlin / Heidelberg},
   pages = {157-174},
   volume = {3172},
   year = {2004}
}

@inproceedings{stutzleQap,
    author = {Dorigo, M. and St\"{u}tzle, T.},
    title = {{ACO} Algorithms for the Quadratic Assignment Problem},
    booktitle = {New Ideas in Optimization},
    pages = {33-50},
    publisher = {McGraw-Hill}
}

@article{Loiola2007657,
author = "Loiola, E. M. and Abreu, N. M. M. de and Boaventura-Netto, P. O.  and  Hahn, P. and Querido, T.",
title = "A survey for the quadratic assignment problem",
journal = "European Journal of Operational Research",
volume = "176",
number = "2",
pages = "657 - 690",
year = "2007",
}

@inproceedings{StutzleTSP99,
    author = {Dorigo, M. and St\"{u}tzle, T.},
    title = {ACO Algorithms for the Traveling Salesman Problem},
	booktitle = {Periaux (eds), Evolutionary Algorithms in Engineering and Computer Science: Recent Advances in Genetic Algorithms, Evolution Strategies, Evolutionary Programming, Genetic Programming and Industrial Applications},
	publisher = {John Wiley & Sons},
    year = {1999}
}

@incollection {bilchev95,
   author = {Bilchev, G. and Parmee, I.},
   title = {The ant colony metaphor for searching continuous design spaces},
   booktitle = {Evolutionary Computing},
   series = {Lecture Notes in Computer Science},
   editor = {Fogarty, Terence},
   publisher = {Springer Berlin / Heidelberg},
   pages = {25-39},
   volume = {993},
   year = {1995}
}

@inproceedings{tsutsui04,
    author = {Tsutsui, S.},
    title = {Ant colony optimisation for continuous domains with aggregation pheromones metaphor},
    booktitle = {Proceedings of the 5th International Conference on Recent Advances in Soft Computing},
    year = {2004},
    pages = {207-212},
}

@incollection {socha04,
   author = {Socha, K.},
   title = {{ACO} for Continuous and Mixed-Variable Optimization},
   booktitle = {Ant Colony, Optimization and Swarm Intelligence},
   series = {Lecture Notes in Computer Science},
   editor = {Dorigo, Marco and Birattari, Mauro and Blum, Christian and M.Gambardella, Luca and Mondada, Francesco and Stützle, Thomas},
   publisher = {Springer Berlin / Heidelberg},
   pages = {53-61},
   volume = {3172},
   year = {2004}
}

@article{socha08,
	title = "Ant colony optimization for continuous domains",
	journal = "European Journal of Operational Research",
	volume = "185",
	number = "3",
	pages = "1155 - 1173",
	year = "2008",
	author = "Socha, K. and Dorigo, M.",
}

@incollection {kong06,
   author = {Kong, M. and Tian, P.},
   title = {A Direct Application of Ant Colony Optimization to Function Optimization Problem in Continuous Domain},
   booktitle = {Ant Colony Optimization and Swarm Intelligence},
   series = {Lecture Notes in Computer Science},
   editor = {Dorigo, Marco and Gambardella, Luca and Birattari, Mauro and Martinoli, Alcherio and Poli, Riccardo and Stützle, Thomas},
   publisher = {Springer Berlin / Heidelberg},
   pages = {324-331},
   volume = {4150},
   year = {2006}
}

@incollection {melo10,
   author = {Melo, L. and Pereira, F. and Costa, E.},
   affiliation = {Instituto Superior de Engenharia de Coimbra 3030-199 Coimbra Portugal},
   title = {{MC-ANT}: A Multi-Colony Ant Algorithm},
   booktitle = {Artifical Evolution},
   series = {Lecture Notes in Computer Science},
   editor = {Collet, Pierre and Monmarché, Nicolas and Legrand, Pierrick and Schoenauer, Marc and Lutton, Evelyne},
   publisher = {Springer Berlin / Heidelberg},
   pages = {25-36},
   volume = {5975},
   year = {2010}
}

@article{julianlee03,
  title = {Unbiased Global Optimization of Lennard-Jones Clusters for $N\le{}201$ Using the Conformational Space Annealing Method},
  author = {Lee, J.  and Lee, I.  and Lee, J. },
  journal = {Physical Review Letters},
  volume = {91},
  number = {8},
  pages = {080201},
  numpages = {4},
  year = {2003},
  month = {Aug},
  publisher = {American Physical Society}
}

@article{calvo09,
	title = "Non-genetic global optimization methods in molecular science: An overview",
	journal = "Computational Materials Science",
	volume = "45",
	number = "1",
	pages = "8 - 15",
	year = "2009",
	author = "Calvo, F.",
}

@article{wales97,
	title = {Global Optimization by Basin-Hopping and the Lowest Energy Structures of Lennard-Jones Clusters Containing up to 110 Atoms},
	author = {Doye, J. P. K. and Wales, D. J.},
	year = "1997",
	journal = {The Journal of Physical Chemistry A},
	volume = {101},
	number = {28},
	pages = {5111-5116}
}
@article {roberts00,
   author = {Roberts, C. and Johnston, R. L. and Wilson, N. T.},
   title = {A genetic algorithm for the structural optimization of Morse clusters},
   journal = {Theoretical Chemistry Accounts: Theory, Computation, and Modeling (Theoretica Chimica Acta)},
   publisher = {Springer Berlin / Heidelberg},
   keyword = {Physics and Astronomy},
   pages = {123-130},
   volume = {104},
   issue = {2},
   year = {2000}
}

@book{holland92,
 author = {Holland, J. H.},
 title = {Adaptation in natural and artificial systems},
 year = {1975},
 publisher = { University of Michigan Press},
 address = {Ann Arbor},
} 

@article {xico09,
   author = {Pereira, F. and Marques, J.},
   title = {A study on diversity for cluster geometry optimization},
   journal = {Evolutionary Intelligence},
   publisher = {Springer Berlin / Heidelberg},
   issn = {1864-5909},
   pages = {121-140},
   volume = {2},
   issue = {3},
   year = {2009}
}

@inproceedings{kennedy95,
  author = {Kennedy, J. and  Eberhart, R. C.},
  booktitle = {Proceedings of the IEEE International Conference on Neural Networks},
  pages = {1942--1948},
  title = {Particle swarm optimization},
  year = {1995}
}

@inproceedings{shi98, 
	author={Shi, Y. and Eberhart, R.}, 
	booktitle={Evolutionary Computation Proceedings, 1998. IEEE World Congress on Computational Intelligence.}, 
	title={A modified particle swarm optimizer}, 
	year={1998},  
	pages={69-73}
}

@article{clerc02,
	title = {{The particle swarm - explosion, stability, and convergence in a multidimensional complex space}},
    author = {Clerc, M. and Kennedy, J.},
    booktitle = {Evolutionary Computation, IEEE Transactions on},
    journal = {Evolutionary Computation, IEEE Transactions on},
    number = {1},
    pages = {58--73},    
    volume = {6},
    year = {2002}
}

@article{poli08,
 author = {Poli, R.},
 title = {Analysis of the publications on the applications of particle swarm optimization},
 journal = {Journal of Artificial Evolution and Applications},
 year = {2008},
 pages = {1-10},
 publisher = {Hindawi Publishing Corp.},
 address = {New York, NY, United States},
}
@article{kirkpatrick83,
    author = {Kirkpatrick, S. and Gelatt, C. D. and Vecchi, M. P.},
    title = {Optimization by simulated annealing},
    journal = {Science Magazine},
    year = {1983},
    volume = {220},
    pages = {671-680}
}
@article{wenzel99,
  title = {Stochastic Tunneling Approach for Global Minimization of Complex Potential Energy Landscapes},
  author = {Wenzel, W.  and Hamacher, K. },
  journal = {Physical Review Letters},
  volume = {82},
  number = {15},
  pages = {3003-3007},
  year = {1999},
  publisher = {American Physical Society}
}

@Article{hukushima96,
  title = {Exchange Monte Carlo Method and Application to Spin Glass Simulations},
  author = {Hukushima, K. and Nemoto, K.},
  journal = {Journal of the Physical Society of Japan},
  volume = {65},
  number = {6},
  pages = {1604-1608},
  year = {1996},
  publisher = {The Physical Society of Japan}
}

@article{dorigo96,
  author = {Dorigo, M. and Maniezzo, V. and Colorni, A.},
  title = {Ant System: Optimization by a Colony of Cooperating Agents},
  year = {1996},
  journal = {IEEE Transactions on Systems, Man, and Cybernetics - Part B},
  volume = {26},
  number = {1},
  pages = {29--41},
}

@article{bullnheimer97,
    author = {Bullnheimer, B. and Hartl, R. F. and Strauß, C.},
    title = {A New Rank Based Version of the Ant System - A Computational Study},
    journal = {Central European Journal for Operations Research and Economics},
    year = {1997},
    volume = {7},
    pages = {25--38}
}

@article{stutzle00,
    author = {St\"{u}tzle, T. and Hoos, H. H.},
    title = {$\mathcal{MAX}-\mathcal{MIN}$ {A}nt System},
	journal = "Future Generation Computer Systems",
	volume = "16",
	number = "8",
	pages = {889 - 914},
    year = {2000}
}

@article{geman84,
    author = {Geman, S. and Geman, D.},
    journal = {IEEE Transactions on Pattern Analysis and Machine Intelligence},
    pages = {721-741},
    title = {Stochastic relaxation, Gibbs distributions and the Bayesian restoration of images},
    volume = {6},
    year = {1984}
}

@phdthesis{dorigo92,
    author = {Dorigo, M.},
    school = {Politecnico di Milano, Italy},
    title = {{Optimization, Learning and Natural Algorithms}},
    year = {1992}
}
@article{Maniezzo99,
    author = {Maniezzo, V.},
	 title = {Exact and Approximate Nondeterministic Tree-Search Procedures for the Quadratic Assignment Problem},
	 journal = {Informs Journal on Computing},
	 volume = {11},
	 issue = {4},
	 year = {1999},
	 pages = {358--369},
}
3
@inproceedings{blum04,
    author = {Blum, C. and Dorigo, M.},
    title={The hyper-cube framework for ant colony optimization},
    journal={Systems, Man, and Cybernetics, Part B: Cybernetics, IEEE Transactions on},
	volume={34}, 
	number={2},
    year = {2004},
    pages={1161-1172},
}

@article{doye98,
  title = {Thermodynamics of Global Optimization},
  author = {Doye, J. P. K. and Wales, D. J.},
  journal = {Physical Review Letters},
  volume = {80},
  number = {7},
  pages = {1357-1360},
  year = {1998},
  publisher = {American Physical Society}
}

@article{doye97,
	title = {Structural Consequences of the Range of the Interatomic Potential: a Menagerie of Clusters},
	author = {Doye, J. P. K. and Wales, D. J.},
	journal  ={Journal Chemical Society, Faraday Transactions},
	volume  = {93},
	pages  = {4233-4243},
	publisher  = {The Royal Society of Chemistry},
	year = {1997},
}

@incollection {doye06,
   author = {Zaslavski, A. and Doye, J. P. K.},
   title = {Physical Perspectives on the Global Optimization of Atomic Clusters},
   booktitle = {Global Optimization},
   series = {Nonconvex Optimization and Its Applications},
   editor = {Pardalos, Panos and Pintér, János D.},
   publisher = {Springer US},
   pages = {103-139},
   volume = {85},
   year = {2006}
}

@article{li87,
	author = {Li, Z. and Scheraga, H.},
	journal = {Proceedings of the National Academy of Sciences of the United States of America},
	number = {19},
	pages = {6611-6615},
	title = {{Monte Carlo-minimization approach to the multiple-minima problem in protein folding.}},
	volume = {84},
	year = {1987}
}

@article {grosso07,
   author = {Grosso, A. and Locatelli, M. and Schoen, F.},
   affiliation = {Università di Torino Dipartimento di Informatica Torino Italy Torino Italy},
   title = {A Population-based Approach for Hard Global Optimization Problems based on Dissimilarity Measures},
   journal = {Mathematical Programming},
   publisher = {Springer Berlin / Heidelberg},
   keyword = {Mathematics and Statistics},
   pages = {373-404},
   volume = {110},
   year = {2007}
}

@article{deaven95,
  title = {Molecular Geometry Optimization with a Genetic Algorithm},
  author = {Deaven, D. M. and Ho, K. M.},
  journal = {Physical Review Letters},
  volume = {75},
  number = {2},
  pages = {288-291},
  numpages = {3},
  year = {1995},
  publisher = {American Physical Society}
}

@incollection {hoos03,
   author = {Shmygelska, A. and Hoos, H.},
   title = {{An Improved Ant Colony Optimisation Algorithm for the 2D HP Protein Folding Problem}},
   booktitle = {Advances in Artificial Intelligence},
   series = {Lecture Notes in Computer Science},
   editor = {Xiang, Yang and Chaib-draa, Brahim},
   publisher = {Springer Berlin / Heidelberg},
   pages = {993-993},
   volume = {2671},
   year = {2003}
}

@article{liu89,
    author = {Dong C. L. and Nocedal, J.},
    title = {On the Limited Memory BFGS Method for Large Scale Optimization},
    journal = {Mathematical Programming},
    year = {1989},
    volume = {45},
    pages = {503-528}
}

@article{lourenco11,
        author = {Lourenço, N. and Pereira, F.},
        title = {{PSO-CGO}: A Particle Swarm Algorithm for Cluster Geometry Optimization},
		journal = {International Journal of Natural Computing Research},
        volume = {2},
		number = {1},
		year = {2011},
		pages = {1-20},
}

@book{luke09,
		author = {Luke, S.},
		title = { Essentials of Metaheuristics},
		year = { 2009 }, 
		note = { available at http://cs.gmu.edu/$\sim$sean/book/metaheuristics/ }
}

@book{eiben03,
	author = {Eiben, A. E. and Smith, J. E.},
	title = {Introduction to Evolutionary Computing},
	year = {2003},
	isbn = {3540401849},
	publisher = {SpringerVerlag},
}

@article{cheng07,
	author = {Cheng, L. and Yang, J.},
	title = {Global Minimum Structures of Morse Clusters as a Function of the Range of the Potential:  $81 \leq N \leq 160$},
	journal = {The Journal of Physical Chemistry A},
	volume = {111},
	number = {24},
	pages = {5287-5293},
	year = {2007}
}

@book{si01,
    author    = "Kennedy, J. and Eberhart, Russell C. and Shi, Y.",
    title     = "Swarm Intelligence",
    year      = "2001",
    publisher = "Morgan Kaufmann",
}

@article{morse29,
  title = {Diatomic Molecules According to the Wave Mechanics. II. Vibrational Levels},
  author = {Morse, P. M.},
  journal = {Physical Review},
  volume = {34},
  number = {1},
  pages = {57-64},
  year = {1929},
  publisher = {American Physical Society}
}

@article{dorigo97, 
	author={Dorigo, M. and Gambardella, L.M.}, 
	journal={Evolutionary Computation, IEEE Transactions on}, 
	title={Ant colony system: a cooperative learning approach to the traveling salesman problem}, 
	year={1997}, 
	volume={1}, 
	number={1}, 
	pages={53-66}, 
}

@article{stillinger99,
  title = {Exponential multiplicity of inherent structures},
  author = {Stillinger, Frank H.},
  journal = {Physical Review E},
  volume = {59},
  number = {1},
  pages = {48-51},
  year = {1999},
  publisher = {American Physical Society}
}

@article {wille85,
	title = {Computational complexity of the ground-state determination of atomic clusters},
	author = {Wille, L. T. and Vennik, J},
	journal = {Journal of Physics A: Mathematical and General},
	volume = {18},
	number = {8},
	pages = {419-422},
	year = {1985},
}

@article{doye04,
	title = {Global Optimization of Morse Clusters by Potential Energy Transformations},
	author = {Doye, J. P. K. and Leary, R. H. and Locatelli, M. and Schoen, F.},
	journal = {Informs Journal on Computing},
	volume = {16},
	number = {4},
	pages = {371-379},
	year = {2004}
}

@article{shao04,
	author = {Shao, X. and Cheng, L. and Cai, W.},
	title = {A dynamic lattice searching method for fast optimization of Lennard–Jones clusters},
	journal = {Journal of Computational Chemistry},
	volume = {25},
	number = {14},
	pages = {1693-1698},
	year = {2004}
}

@article{lennardJones31,
  author={Lennard-Jones, J. E.},
  title={Cohesion},
  journal={Proceedings of the Physical Society},
  volume={43},
  number={5},
  pages={461},
  year={1931},
}

@article{braier90,
	author = {Braier, P. A. and Berry, R. S. and Wales, D. J.},
	title = {How the range of pair interactions governs features of multidimensional potentials},
	year = {1990},
	journal = {The Journal of Chemical Physics},
	volume = {93},
	number = {12},
	pages = {8745-8756},
}

@article{smirnov99,
	author = {Smirnov, B. M. and Strizhev, A. Y. and Berry, R. S.},
	title = {Structures of large Morse clusters},
	year = {1999},
	journal = {The Journal of Chemical Physics},
	volume = {110},
	number = {15},
	pages = {7412-7420},
}

@article{johnston03,
	author ="Johnston, R. L.",
	title  ={Evolving better nanoparticles: Genetic algorithms for optimising cluster geometries},
	journal  ="Dalton Transactions",
	year  ="2003",
	issue  ="22",
	pages  ="4193-4207",
	publisher  ="The Royal Society of Chemistry",
}
